
@book{colosimo2006analise,
  title={An{\'a}lise de sobreviv{\^e}ncia aplicada},
  author={Colosimo, Enrico Antonio e Giolo, Suely Ruiz},
  year={2006},
  publisher={Editora Blucher}
}
@book{liu2012survival,
  title={Survival analysis: models and applications},
  author={Liu, Xian},
  year={2012},
  publisher={John Wiley \& Sons}
}

@book{kleinbaum2012survival,
  title={Survival analysis: a self-learning text},
  author={Kleinbaum, David G and Klein, Mitchel and others},
  volume={3},
  year={2012},
  publisher={Springer}
}

@article{fisher1922mathematical,
  title={On the mathematical foundations of theoretical statistics},
  author={Fisher, Ronald A},
  journal={Philosophical transactions of the Royal Society of London. Series A, containing papers of a mathematical or physical character},
  volume={222},
  number={594-604},
  pages={309--368},
  year={1922},
  publisher={The Royal Society London}
}

@article{kaplan1958nonparametric,
  title={Nonparametric estimation from incomplete observations},
  author={Kaplan, Edward L and Meier, Paul},
  journal={Journal of the American statistical association},
  volume={53},
  number={282},
  pages={457--481},
  year={1958},
  publisher={Taylor \& Francis}
}