@book{colosimo2006analise,
  title={An{\'a}lise de sobreviv{\^e}ncia aplicada},
  author={Colosimo, Enrico Antonio and Giolo, Suely Ruiz},
  year={2006},
  publisher={Editora Blucher}
}

